2742 4894
946 279 1013 348 llil
1181 223 1183 232 ‘

63 493 111 538 am
128 471 257 538 minora
275 466 431 565 graviori
451 463 708 560 subiiciuntur3
742 468 876 540 omisso
892 483 1037 542 antem.
1086 557 1089 564 Ι

63 581 146 638 nene
159 583 216 641 aut
230 565 280 636 ibi
296 568 433 662 posito,
465 565 530 638 nbi
545 565 690 642 codices
703 565 741 639 id
757 559 900 659 habent,
927 591 1015 644 sen-
1092 647 1094 654 ,

63 673 131 738 *ntia
159 690 324 762 perversa
358 667 537 758 efficitnr3.
568 669 692 764 incipit
723 673 817 740 enim
850 665 1016 742 natoue

62 785 141 842 rorte
153 764 291 862 Sulpicii
314 763 450 858 dicere,
477 765 607 838 deinde
630 767 676 838 de
699 756 930 842 delectatione
950 791 1015 840 se·-
1077 765 1083 776 ’

62 867 172 939 eetutis
187 865 356 962 loquitur.
383 864 536 940 'Deleto
561 884 678 940 autem
694 867 878 942 vocabulo
906 868 1015 956 mori,

62 970 142 1038 mnia
157 968 336 1064 aptissima
349 965 470 1060 ·finnt;
492 970 651 1064 primurn
666 972 781 1060 enim,
809 973 913 1041 cuius
928 983 1013 1040 stu-
1054 1041 1060 1064 .-

62 1071 75 1138 ii
94 1074 125 1140 in
141 1065 244 1138 Gallo
262 1080 368 1140 testes
380 1067 543 1157 inerint,·
557 1067 658 1160 dicit,
699 1067 846 1159 deinde,
888 1061 1015 1166 quan·-v

62 1193 100 1238 m
116 1165 151 1237 id
168 1153 284 1256 fuerit,
302 1169 455 1264 exponit
469 1170 597 1245 “Prima
616 1167 676 1240 illa
695 1173 875 1265 sententia,
895 1194 1012 1266 quum
1108 1201 1119 1219 ν
1156 1181 1162 1196 ’
1198 1211 1200 1220 1
1253 1211 1257 1218 -

62 1295 93 1339 er
110 1291 146 1340 se
161 1285 302 1364 accepta
319 1269 420 1340 nimis
436 1267 617 1342 videretur
631 1271 759 1360 ieiuna,
779 1268 911 1341 librarii
923 1292 1014 1368 gra-

64 1394 158 1438 orem
189 1365 341 1440 reddere
371 1367 599 1464 studuerunt
670 1375 714 1442 At
747 1361 873 1469 paene
918 1367 1014 1442 male

62 1486 131 1540 tero
154 1466 232 1540 loco
254 1473 340 1565 poni
367 1471 475 1540 aiunt.
529 1471 672 1566 Nescio,
697 1496 787 1541 mur.
833 1457 926 1542 llam
946 1493 1015 1540 nec
1076 1525 1079 1534 ,
1181 1519 1186 1531 ·

62 1568 160 1640 telum
177 1593 260 1640 vere
275 1570 470 1669 quisquam
495 1569 675 1642 dimensus
690 1586 763 1660 est,
797 1587 831 1642 et
849 1573 1015 1644 Romano

62 1672 156 1740 >mini
182 1693 387 1766 parumque
427 1669 602 1742 subtiliter
634 1669 795 1768 loquenti
828 1669 874 1742 de
903 1668 1015 1742 rebus

63 1769 276 1842 athematicis
293 1771 348 1840 vix
358 1785 486 1842 terram
502 1773 650 1869 prorsus
660 1769 809 1842 dimetiri
820 1774 1015 1868 quisquam

62 1895 129 1942 isse
145 1869 339 1941 videbatur.
393 1874 519 1970 Itaque
530 1895 653 1972 paene
676 1869 816 1943 caelum
836 1885 1018 1962 etterram

64 1972 169 2042 metiri
187 1968 344 2043 voluisse
360 1969 453 2043 dicit.
585 1979 587 1989 '
618 1981 622 1994 ’
883 2003 887 2016 ·

125 2069 285 2168 Capiti,
303 2073 351 2143 56
370 2068 564 2144 edebatur:
586 2070 796 2150 conditiora
810 2068 913 2166 facit
925 2067 1018 2142 daec

62 2169 300 2272 pervacanei.
313 2170 425 2242 etiam
448 2173 566 2274 operis
590 2171 786 2272 arrcupr'nm
811 2185 920 2270 atque
946 2194 1017 2251 are-‚-

61 2273 122 2343 etio
130 2300 146 2362 ‚·
173 2269 280 2368 'qnod
303 2297 372 2371 ego
387 2297 533 2360 vereor,
566 2289 606 2346 ut
623 2289 722 2346 recte
743 2272 898 2360 dicatum
932 2295 1017 2340 nam
1054 2281 1059 2287 '
1094 2339 1097 2349 .

61 2369 221 2472 tenpz'um
258 2374 531 2477 supervacanei
559 2374 677 2474 operis
709 2369 780 2444 no'n
815 2369 1019 2469 intelligitur
1066 2467 1071 2474 ·

60 2476 188 2545 riverse
207 2498 314 2545 omne
333 2480 540 2570 aucupium,
557 2472 657 2571 quod
676 2497 819 2570 semper
836 2495 1018 2568 superea·
1048 2501 1051 2508 ·

61 2597 175 2642 neum
198 2595 292 2668 opus
314 2570 465 2662 habeat,
500 2572 563 2645 sed
584 2573 624 2662 id
646 2579 844 2668 aucupium
870 2569 921 2660 (id
939 2573 1018 2642 eius

65 2671 148 2767 nus)
173 2671 276 2767 quod
299 2695 604 2769 supervacaneum
638 2698 731 2770 opus
755 2669 909 2763 habent;
952 2695 1019 2742 nec

72 2774 194 2866 ipsum
210 2787 346 2842 rectum
365 2789 434 2864 est,
468 2772 613 2873 adiungi
635 2771 730 2844 hanc
752 2789 926 2870 tanquam
944 2768 1019 2840 de-

61 2873 250 2969 riptionem
266 2874 431 2968 aucupii,
463 2901 577 2972 quum
594 2873 685 2946 haec
709 2873 829 2970 potius
847 2873 1028 2960 sententia'

70 3025 80 3061 ,
106 2977 239 3072 ceterisx
257 2975 430 3069 operibns
450 2974 665 3062 necessariis.
683 2973 826 3072 adiungi
845 2989 1016 3070 tanquam
1042 2995 1044 3000 ·

61 3096 286 3170 pervacanea
301 3087 338 3144 ‘et
354 3091 471 3146 tamen
487 3073 614 3146 afferre
628 3071 762 3170 aliquid
780 3074 974 3169 aucupium
984 3086 1018 3168 et

63 3175 260 3250 nationem.
286 3175 427 3246 Rectius
445 3177 552 3273 igitur
565 3177 601 3246 in
616 3173 741 3246 codice
760 3177 879 3270 regio,
906 3169 1017 3242 Pala-

64 3299 87 3344 ο
105 3279 248 3371 ptimo,
274 3281 411 3372 optimo
426 3279 571 3348 Graevii
587 3273 755 3348 scribitur
772 3270 929 3365 ablativo
945 3295 1016 3342 oa-

64 3377 383 3474 :supervacaneis
399 3377 517 3477 operis
531 3378 581 3468 (in
595 3373 738 3445 Haenel.
756 3394 1016 3471 superuacan-

61 3479 94 3567 )‚
119 3474 226 3572 quod
242 3476 439 3550 Lambinus
455 3500 604 3574 quoque
626 3477 662 3545 in
679 3479 752 3546 suis
769 3472 869 3544 libris
881 3471 1018 3568 ,reperit

64 3577 242 3673 probavit
264 3593 316 3664 et,
347 3579 376 3650 si
393 3580 567 3650 Graevius
583 3575 708 3647 veium
723 3572 824 3666 dicit,
855 3570 894 3642 C.
912 3575 1015 3642 Lan·
1070 3629 1072 3632 .

61 3703 116 3768 rs,
142 3677 349 3762 fortasseiu
368 3676 475 3750 altera
494 3677 656 3748 editione.
840 3745 845 3753 k
1010 3692 1019 3714 *

122 3780 215 3874 Cap.
234 3777 300 3868 18,
326 3780 373 3856 65
401 3777 513 3878 vulgo
531 3776 722 3850 edebatur:
758 3787 796 3846 ut
815 3769 912 3844 enim
943 3795 1017 3844 non

61 3904 120 3949 rne
136 3877 284 3968 orizam,
307 3876 363 3972 sic
375 3903 449 3951 non
468 3877 586 3951 omnis
602 3891 710 3949 aetas
727 3887 906 3946 vetustate
921 3895 1016 3943 eoa-

61 3984 150 4068 rcz't,·
180 3986 217 4049 in
234 4003 308 4075 quo
325 3983 456 4055 mirum
472 3996 543 4068 est,
575 3979 751 4051 neminem
767 4003 787 4048 e
801 3973 1016 4046 recentiori·
1052 4053 1054 4062 γ
1137 3963 1142 3974 ’

61 4106 79 4152 s
115 4082 331 4177 pravitatem
366 4083 554 4153 sententiae
583 4077 888 4166 animadvertisse3
932 4095 1017 4140 nam

61 4185 130 4254 mis
157 4194 257 4252 aetas
274 4205 398 4253 omnes
421 4197 504 4254 sunt
527 4185 648 4254 aetatis
664 4177 819 4280 gradus5
852 4171 1026 4269 pueritia¹

61 4281 279 4362 olescendo,
303 4283 488 4372 iuventus,
517 4283 641 4368 ceteri,
671 4286 733 4378 qui
752 4299 825 4348 non
843 4285 1027 4362 vetustate

61 4405 229 4454 acescere
257 4385 473 4480 ineptissime
513 4380 696 4474 dicuntum
742 4376 779 4447 id
807 4374 940 4470 agitur,
980 4372 1015 4442 in
