2738 4892
240 291 247 298 ·
283 287 325 354 eu
521 292 524 298 ·
689 269 872 384 naturus,

260 470 460 554 »laecantium
488 471 612 536 caritate
640 471 875 555 acquiescimus,
908 485 942 534 nt
969 473 1001 534 in
1029 477 1165 550 vestra,
1186 485 1222 534 ut
1254 473 1293 532 in

283 563 322 706 g.
343 551 544 634 Tuberonis,
560 553 700 638 equidem
722 551 999 622 etiamadmoduni
1023 555 1226 640 adolescentia
1248 559 1292 619 P.

260 677 263 686 ·
317 642 412 720 nulii,
439 643 476 706 A.
494 639 634 722 Verginii
656 636 860 703 familiaritate
880 638 1033 702 delectori
1068 637 1291 724 Quoniamque

207 769 209 776 a
287 727 330 790 ita
360 726 439 787 ratio
466 735 643 806 comparata
657 721 721 786 ‘est
751 725 829 786 ritae
858 735 1043 810 naturaeque
1069 736 1211 803 nostrae,
1252 735 1292 784 ut

287 810 345 872 alia
367 805 418 888 [ea
435 803 509 884 alia]
522 819 614 870 ‘aetas
636 807 773 886 oriatur,
807 808 938 870 maxima
961 809 1083 892 quidem
1110 805 1290 891 optandum

285 905 349 972 est,
390 903 429 956 ut
446 911 515 954 cum
536 891 711 976 aequalibus
732 892 846 976 possib,
882 891 1061 976 quibuscum
1086 902 1234 978 tanquam
1267 910 1289 951 e

285 974 458 1042 carceribus
490 974 614 1058 emissus
644 976 701 1052 sis,
755 975 824 1037 cum
860 975 968 1046 iisdem
1000 975 1039 1037 ‘ad
1072 975 1202 1048 calcem,
1246 987 1287 1034 ut

121 1115 125 1122 .
205 1061 264 1146 302
284 1059 414 1136 dicitur,
455 1058 627 1142 pervenire.
684 1056 745 1124 Sed
765 1057 914 1142 quoniam
928 1078 989 1138 xres
1008 1059 1156 1138 bumanaa
1185 1057 1286 1140 fragi-

283 1145 327 1206 les
360 1142 558 1232 caducaeqqe·
590 1154 679 1221 sunt,
715 1161 834 1226 semper
867 1143 961 1229 aliqui
990 1140 1169 1227 anquirendi
1198 1154 1284 1216 sunt,

283 1247 361 1311 quos
396 1219 557 1308 diligamus
587 1238 655 1288 eta
682 1225 792 1308 quibus
824 1223 1010 1310 diligamur?
1036 1225 1162 1288 caritate
1198 1225 1283 1285 enim

283 1311 556 1390 benevolentiaque
584 1303 720 1385 sublata,
757 1311 856 1371 omnis
886 1323 931 1372 est
960 1330 977 1372 e
1008 1310 1070 1371 vita
1091 1306 1217 1370 sublata
1236 1304 1293 1378 in,-¹

178 1436 182 1450 ·
284 1393 431 1458 cauditus.
488 1391 563 1467 Mihi
588 1390 711 1475 quidem
738 1393 860 1476 Scipio,
894 1404 1152 1481 quamquamest
1176 1389 1280 1452 subito

237 1525 240 1533 .
284 1489 425 1560 ereptus,
444 1474 536 1540 ,vivit
556 1486 674 1551 tamen,
705 1494 884 1558 semperque
906 1471 1280 1555 vivet;,vi1·tuteni'enim

190 1581 200 1604 ν
250 1553 254 1561 ’
284 1558 384 1622 amavi
411 1555 492 1630 illius
522 1557 598 1636 viri,
634 1579 711 1642 quae
739 1560 886 1622 exstincta
917 1571 1056 1622 nonest.
1103 1561 1172 1629 ,Nec
1201 1557 1280 1619 mibi

212 1675 218 1688 ι
283 1643 344 1706 soli
363 1644 593 1705 versatur'ante
614 1643 735 1719 oculos,
770 1643 822 1725 qui
842 1643 925 1705 illam
945 1661 1072 1727 semper
1086 1642 1118 1702 iu
1139 1640 1278 1726 manibus

283 1726 396 1803 habui,
416 1724 470 1788 sed
493 1727 584 1788 ctiam
605 1725 745 1810 posteris
758 1725 816 1788 erit
838 1728 919 1789 clara
948 1721 978 1788 et
998 1726 1132 1809 insignis.
1170 1726 1277 1787 'Nemo

198 1807 204 1842 ²
285 1829 416 1895 uuquam
437 1809 536 1878 animo
564 1820 625 1872 aut*
640 1829 695 1894 spe
720 1810 834 1871 maiora
859 1809 1036 1894 suscipiam.
1060 1811 1113 1894 qui
1137 1807 1194 1870 sibi
1214 1810 1288 1869 non'

258 1894 370 1975 ‘illius'
399 1887 576 1956 memoriam
608 1887 891 1978 atquelimaginem
918 1893 1149 1978 proponendam
1178 1903 1277 1976 putet.

141 1993 151 2000 ·
203 1986 263 2047 103
284 1975 434 2063 Equidem
454 1995 491 2037 ex
515 1975 655 2041 omnibus
676 1975 785 2055 rebus,
813 1998 885 2060 quas
908 1977 981 2040 mihi
1003 1988 1055 2042 aut
1077 1975 1200 2039 fortuna
1224 1987 1278 2036 aut

284 2059 394 2122 natura
414 2059 537 2138 tribuit,
562 2059 642 2136 nihil
664 2059 778 2142 habeo,
809 2061 892 2144 qu'od
911 2081 980 2124 cum
993 2053 1134 2142 'amicitia
1157 2059 1279 2143 Scipio·

243 2165 252 2192 τ
284 2143 331 2206 nis
351 2143 466 2226 possim
488 2162 674 2227 comparare.
716 2147 750 2204 lu
772 2147 829 2206 hac
850 2145 925 2216 mibi
947 2144 1043 2206 de're·
1061 2142 1182 2228 publica
1198 2152 1277 2204 *con-

285 2246 399 2304 sensus,
434 2228 474 2287 in
490 2224 547 2289 bac
564 2247 665 2288 rerum
693 2227 881 2311 privatarum
907 2227 1080 2304 consilium,
1113 2226 1151 2287 'iu
1172 2223 1276 2288 eadem

204 2327 208 2334 “
283 2311 520 2394 requies¹plena
551 2307 763 2386 oblectationis
786 2309 891 2395 'luit'
926 2315 1088 2395 Nunquam
1121 2311 1206 2370 illurn
1234 2327 1275 2368 ne
1324 2329 1326 2334 ·

283 2393 408 2454 minima
428 2391 550 2476 quidem
573 2413 607 2454 re
632 2391 769 2470 offendi,
790 2395 874 2478 quod
896 2392 1018 2478 quidem
1043 2395 1199 2471 senserim3
1229 2393 1278 2453 ni·
1345 2393 1349 2399 '

184 2487 187 2496 '
272 2477 328 2541 'bil
350 2474 450 2556 audivi
473 2496 509 2540 ex
538 2495 574 2563 qo
601 2478 682 2560 ipse,
711 2478 795 2560 quod
822 2479 951 2566 nollem3
986 2499 1045 2540 una
1073 2477 1179 2539 domus
1199 2488 1279 2554 erat,

284 2560 366 2628 idem
386 2561 484 2622 victus
504 2562 588 2643 isque
611 2556 797 2640 communis,
823 2575 920 2646 neque
942 2562 1041 2624 solum
1061 2561 1184 2638 militia,
1221 2557 1278 2622 sed

93 2647 118 2701 ,’
204 2645 269 2708 104
286 2643 657 2728 etiam-peregrinationes
679 2644 948 2732 rusticationesque
974 2662 1163 2707 communes·
1198 2648 1278 2706 Nam

284 2727 359 2812 quid
382 2745 439 2808 ego
469 2727 506 2788 de
531 2726 636 2790 studiis
668 2722 765 2790 dicim
791 2725 996 2813 cognoscendi
1023 2739 1148 2813 semper,
1160 2727 1277 2810 aliquid

214 2807 240 2891 ι’
266 2809 376 2909 ι,ἑιηιιθ
398 2809 545 2886 discendi,¹
564 2813 597 2870 i'n
617 2808 726 2894 quibus
752 2814 863 2874 remoti
882 2811 920 2874 ab
945 2813 1041 2876 oculis
1059 2811 1167 2897 populi
1185 2832 1278 2883 omne

236 2940 239 2943 -
254 2929 255 2933 =
285 2899 417 2956 otiosum
430 2905 561 2985 ,tempus
581 2889 800 2957 contrivimus?
830 2897 967 2995 Quarum
982 2915 1085 2958 rerum
1099 2895 1275 2972 recordatio

197 2987 199 2994 '
286 2977 324 3038 et*
337 2977 528 3046 memoriasi
548 2999 609 3040 una
630 2998 698 3039 cum
717 2979 781 3040 illo¹
795 2980 971 3059 occidisset,
1004 2977 1182 3048 desiderium
1193 2999 1276 3066 pon-

284 3059 463 3125 iun‘ctissimi
481 3061 571 3144 atqua
590 3057 782 3124 amantissimi
801 3063 859 3124 viri
877 3062 960 3125 ferre
985 3064 1070 3124 nullo
1090 3061 1182 3124 modo
1204 3083 1275 3146 pos-

180 3183 203 3194 .,
282 3164 357 3207 sem.
398 3141 602 3224 Sednec‘illa
623 3145 776 3207 exstincta,
798 3155 886 3222 sunt,
919 3141 1222 3231 alunturque-potius
1244 3157 1275 3208 et

283 3222 433 3369 augentur*
455 3227 637 3307 cogitatione
660 3231 690 3289 et
702 3232 855 3312 memoria
873 3249 957 3306 mea,
988 3241 1039 3308 et,
1059 3231 1085 3291 si
1104 3228 1165 3290 illis
1185 3231 1274 3312 plane

208 3361 210 3368 ,
265 3312 548 3390 1οπγειιιίεεεεοιπι,Ι
571 3309 713 3393 magnum
733 3324 836 3375 tamen
856 3311 985 3376 afferret
1014 3312 1088 3374 mibi
1111 3325 1192 3378 aetas
1209 3314 1274 3396 ipsa

208 3446 222 3466 ,,
281 3394 443 3470 solatium3
470 3391 582 3456 diutius
605 3394 685 3456 enim
708 3395 829 3457 iamin
856 3397 916 3460 hoo
947 3388 1096 3459 desiderio
1123 3397 1274 3460 essenon

172 3541 175 3546 ,
210 3487 225 3548 ἢ
259 3497 440 3560 possum.-
476 3473 587 3558 Omnia
603 3491 712 3540 autem
743 3479 847 3543 brevia
874 3479 1045 3544 tolerabilia
1066 3499 1130 3542 esse
1152 3478 1274 3556 debent,

283 3561 374 3622 etiam
403 3560 429 3622 si
457 3581 563 3642 magna
590 3574 670 3622 sunt.
720 3565 804 3626 Haec
827 3563 935 3648 habui,
972 3563 1010 3626 de
1041 3563 1170 3626 amicitia
1196 3585 1273 3648 quae

250 3682 253 3690 ,
286 3643 427 3728 dicerem.
469 3647 534 3726 Vos
554 3658 654 3707 autern
671 3646 806 3726 buntur,
828 3661 884 3734 sut
913 3648 956 3709 ita
983 3652 1128 3712 virtutem
1155 3648 1273 3726 locetis,

267 3728 349 3788 'sine
369 3747 428 3811 qua
450 3727 578 3792 amicitia
602 3749 665 3810 asse
686 3743 748 3792 non
766 3741 885 3814 potest,
920 3745 970 3810 ut,
1006 3751 1040 3794 ea
1060 3743 1213 3816 excepta,
1228 3732 1273 3791 ni-

199 3833 204 3837 ·
284 3809 329 3870 bil
348 3811 478 3879 amicitia
497 3812 707 3894 praestabilius
732 3816 854 3896 putetis.
1152 3828 1158 3839 “

357 3968 418 4035 ¹⁰¹)
438 3986 465 4042 y.
486 3974 505 4027 5
528 3978 560 4021 ul
579 3965 728 4024 alia‘aelas
746 3971 857 4027 oriatur·
877 3989 909 4027 cx
924 3972 976 4026 alia
1017 3977 1086 4044 .¹⁰³)
1106 3995 1134 4030 r.
1155 3983 1173 4036 7
1191 3976 1274 4044 [erat]

290 4037 553 4108 ¹⁰⁴)v·7aluntur
589 4059 616 4095 a.
645 4046 812 4100 Summae
1236 4075 1239 4080 ·

496 4247 500 4252 .
534 4231 898 4254 »νο-ψκ--ιι--η-
908 4241 991 4268 *W*

393 4322 402 4350 Ι
