2742 4894
913 205 1044 312 ..x'xr

53 465 54 478 ¹
85 446 88 458 ¹
167 439 244 532 Cap.
272 432 338 523 17,
378 432 427 506 63
451 417 639 504 edendum
672 433 797 530 putavi
826 415 1043 508 coniectura:

85 559 178 643 qnam
195 535 296 608 etiam
319 531 357 604 a·
376 531 542 630 neglecta
567 529 731 604 amicitia
757 530 941 605 consecuti
959 534 1043 626 sint,

84 631 339 716 obscurantmiri
353 631 595 722 unbairanmr,
610 631 699 734 quia
715 637 798 728 pon'
809 633 887 706 sine
899 657 1044 733 magna

82 761 181 814 eamn
195 735 234 807 sit
245 733 410 834 neglecta
429 732 604 806 nmz'citin.
637 737 726 806 Erat
744 731 1043 834 consecun‘snnt5

80 838 193 914 mutari
211 852 327 934 autem
350 834 496 906 nonob
518 833 711 932 particulas
733 831 845 906 etiam
873 833 907 906 si
926 833 1045 935 (quod

76 963 177 1042 paene
195 936 338 1010 volebat
359 933 519 1008 Ochsner
542 940 579 1006 in
601 933 746 1035 Eologis
766 937 879 1008 Cicer.
892 961 929 1035 p.
955 933 1043 1032 187)

53 1039 131 1114 ¹sed
143 1035 249 1137 quod,
274 1041 303 1110 si
318 1035 532 1109 indicativus
551 1037 736 1126 retinetur,
760 1031 852 1108 haec
863 1034 982 1132 ,verba
998 1061 1044 1109 ex
1068 1095 1071 1103 .

72 1139 170 1213 Laelii
181 1131 328 1236 persona
343 1135 509 1210 dicuntur
522 1133 593 1208 hac
610 1140 797 1208 sententia:
840 1151 914 1207 tum
932 1161 1043 1237 quum

70 1242 138 1314 inm
147 1236 337 1342 potentiam
351 1234 537 1324 consecuti
549 1236 635 1308 sunt
640 1290 657 1328 ,
689 1234 848 1308 en'amsi
867 1271 916 1290 -
943 1251 1042 1325 sunt,

69 1337 438 1428 tamennrbitrantnr;
462 1335 604 1410 videtur
628 1354 747 1410 autem
772 1337 977 1410 necessario
997 1337 1042 1410 si·

66 1437 550 1540 gnificarideberelrominum
564 1435 727 1510 noudum
744 1439 937 1535 potentiam
954 1435 1043 1510 ade-

61 1556 207 1642 ptorum,
221 1538 286 1612 sed
301 1537 348 1615 de
363 1563 405 1610 ea
418 1535 660 1636 comparanda
670 1539 897 1638 cogitantium
924 1539 1042 1610 ratio-
1093 1534 1096 1542 “

62 1645 200 1735 cinatio;
227 1641 350 1737 itaque
361 1636 453 1710 haec
463 1641 511 1711 'ex
529 1635 851 1736 illorum-persona
867 1635 1042 1724 dicuntur,
1174 1639 1177 1648 '

61 1757 178 1842 estque
213 1737 398 1814 consecuti
423 1737 497 1810 sciat
531 1763 604 1836 pro
632 1737 756 1812 futuro
787 1753 911 1813 exacto
944 1733 1041 1810 con·
1156 1802 1163 1822 ,Ι

58 1835 206 1914 iunctivi.
1119 1899 1125 1920 ,

158 1941 242 2038 Cap.
261 1937 320 2028 18,
342 1937 391 2012 67
413 1961 493 2010 eam
515 1941 635 2036 recepi
661 1927 895 2036 scripturam,
957 1959 1053 2026 nam¹
1102 1971 1108 1988 ι

55 2041 215 2114 aBeiero
232 2039 456 2146 propositam
474 2037 634 2112 Klotzius
653 2039 877 2136 perineptarn
894 1963 1033 2137 iulica-
1079 2123 1085 2130 ¹

53 2141 320 2240 vit3egoipsius
328 2136 492 2236 vulgatae
503 2139 922 2236 scripturae(Veterrzina
930 2162 1044 2237 qnae·
1098 2139 1132 2189 ·‘
1179 2211 1187 2234 ⁸

49 2263 140 2339 qne,
170 2254 217 2332 nt
232 2263 279 2311 ea
294 2239 406 2327 nina,
425 2263 523 2338 quoe
546 2253 761 2312 vetustatem
775 2238 933 2336 ferunt,
966 2261 1043 2309 esse
1115 2273 1119 2292 =
1161 2319 1164 2325 ¹
1217 2295 1220 2306 .

46 2340 177 2412 debent
200 2336 444 2436 'succisanam
477 2338 748 2435 explicationem
788 2337 850 2412 illo
897 2340 1043 2412 nomine

46 2439 248 2538 digniore'm
262 2447 361 2536 puto.
413 2435 504 2511 Nam
519 2464 634 2536 quum
658 2439 760 2511 multi
781 2438 1065 2532 intellexissent„

46 2540 242 2612 contermina
257 2562 422 2637 quaeque
436 2547 564 2610 neutro
588 2563 715 2636 genere
737 2539 948 2636 generaliter
963 2537 1043 2627 dici,

46 2655 84 2710 nt
98 2663 223 2736 neque
236 2640 316 2736 ipsa
339 2633 522 2710 sententia
536 2654 619 2734 apta
642 2645 751 2728 esset,
784 2663 905 2735 neque
934 2663 1041 2710 com-

46 2741 183 2837 paratio
214 2739 404 2826 vinorum,
438 2753 521 2834 quae
543 2739 624 2835 ipsa
648 2763 689 2811 ea
705 2736 947 2837 appellatione
971 2763 1042 2810 ve-

46 2843 274 2918 :errimorum
294 2861 529 2934 quorumque
543 2903 546 2910 ,
562 2840 847 2928 continerentur,
880 2836 1041 2927 ferenda,

46 2937 207 3010 Klotzins
223 2936 271 3008 ad
285 2934 485 3015 veterrima,
498 2961 662 3038 quaeque
677 2937 790 3011 audiri
807 2937 887 3012 vult
903 2937 1041 3010 antici·
1097 3015 1101 3024 x
1195 2945 1200 2960 '

46 3040 195 3140 aarum,
221 3052 261 3110 ut
277 3039 346 3110 sint
363 3033 558 3109 'veterrimo
575 3063 771 3138 quaeque,
787 3057 885 3137 qnae
903 3054 989 3109 sant
1003 3038 1043 3110 in

46 3136 229 3209 inuenitis.
252 3136 442 3234 Loquendi
462 3161 578 3235 genus
597 3156 636 3212 ut
652 3141 820 3212 Latinum
838 3162 917 3211 esse
934 3141 1041 3210 evin-
1120 3133 1131 3159 ''

46 3254 143 3330 eret,
156 3233 249 3310 ‘non
263 3235 457 3326 laboravit,
481 3237 584 3335 ipuod
603 3262 822 3337 magnopere
840 3236 1043 3318 faciendum

48 3355 130 3430 rat3
155 3335 293 3410 deinde
308 3361 381 3409 non
397 3335 443 3408 de
459 3339 513 3428 iis,
526 3363 637 3436 ,quae
654 3341 770 3420 sintin
784 3338 954 3430 amicitiis,
977 3337 1043 3411 sed

46 3442 74 3511 'e
89 3442 264 3536 ipsarum
279 3439 512 3510 amicitiarum
527 3437 655 3534 ordine
678 3455 712 3510 et
728 3433 904 3534 dignitate·
920 3461 1042 3536 quae-

46 3546 134 3612 itur.
203 3536 431 3634 Relinquitur
452 3539 558 3636 igitur
577 3545 676 3625 (itam
690 3539 913 3612 ,attractionis
933 3536 1043 3630 color,

48 3663 146 3712 uem
183 3635 343 3709 Orellius
395 3636 550 3726 induxit,
608 3637 729 3710 facile
753 3636 959 3732 evanescit)
1002 3655 1044 3710 ut

46 3755 89 3810 ut
105 3755 215 3810 'curn
239 3737 392 3818 Erasmo
415 3736 596 3836 legamus:
618 3737 852 3834 'oetern'mae
871 3771 929 3792 -1
944 3763 1042 3811 snu—
1083 3823 1088 3832 ,
1164 3765 1167 3780 “

46 3831 235 3926 assectae,
251 3851 312 3910 aut
324 3863 408 3911 cum
421 3849 423 3862 '
436 3840 560 3920 Beiero
580 3836 699 3930 debet·
722 3863 882 3938 quornm
904 3829 1040 3938 ‘poste-

47 3965 98 4012 us
120 3963 214 4012 esse
233 3937 524 4036 praeferendum,
551 3941 708 4036 ostendit
725 3939 874 4030 erroris,
909 3944 971 4037 qni
990 3937 1041 4008 li-
1137 4011 1142 4019 s
1182 3949 1188 3958 ‘
1254 3979 1257 3986 ·

46 4041 164 4112 rariis
183 4043 226 4109 in
254 4035 325 4112 hac
345 4043 564 4115 correctione
578 4041 793 4140 imputatur,
828 4039 1041 4136 proclivitas.

46 4141 138 4238 tqui
153 4153 196 4211 et
208 4141 406 4236 praecessit
423 4127 575 4243 pluralii
593 4149 677 4215 etin
691 4140 959 4240 comparatione
978 4141 1041 4209 vi-

46 4263 166 4313 ›rum
190 4244 225 4312 is
242 4253 295 4312 est
312 4265 493 4314 numerus.
545 4242 656 4332 Quasi
672 4267 745 4316 non
759 4247 795 4313 in
813 4233 1043 4338 hoc-dicendi
1063 4265 1068 4276 *
1121 4257 1124 4264 ⁴

46 4365 168 4432 encre
192 4337 348 4438 pluralis
363 4345 504 4452 numeri
517 4345 617 4418 notio
634 4347 697 4437 sit,
737 4355 799 4414 aut
816 4347 1040 4415 cumreter-
1102 4336 1104 4345 ⁴
1139 4440 1148 4453 ,
1222 4419 1227 4429 ,
