2738 4892
310 274 373 362 ff
496 293 680 374 nunnus.
765 292 767 303 '
885 293 900 310 “
984 273 1084 373 ¹et

45 535 49 552 .
82 494 161 556 haec
181 489 323 579 amicitia,
340 509 433 579 quum
455 486 532 550 niter
555 487 663 552 iesum
684 483 788 550 audire
809 499 872 550 uon
891 489 974 570 cult,
1006 457 1085 556 elte'i
1157 560 1177 578 ι,

83 573 358 638 ad-mentiendnm
388 582 511 656 paratus
525 584 589 646 est.
646 575 710 635 Nec
738 573 942 656 persecurum
970 571 1003 634 in
1033 593 1085 638 co·

83 657 214 722 moediis
246 655 427 744 assentatio,
448 645 546 719 saceio
572 655 663 719 nohis
685 653 863 742 uideretur,
899 656 959 720 nisi
984 670 1086 722 essent

85 743 200 807 milites
218 740 353 824 gloriosi.
495 807 499 822 ⁸
730 789 733 794 .
882 769 884 774 ·

129 831 262 910 Magnas
276 849 340 890 carc
357 847 445 907 ugare
457 825 576 908 gratias
593 821 786 898 Thaismihts?
882 851 885 856 ·

85 909 167 974 Setis
189 919 256 972 eret
272 907 479 991 respondere,
508 913 651 988 mdgnas5
687 914 831 991 ingentes,
850 906 958 992 inquit.
1001 907 1089 972 Scut-¹

85 1012 145 1078 per
167 1003 257 1075 auget
282 1002 450 1054 assentator
469 987 523 1066 id,
546 988 631 1071 quod
652 989 697 1068 is,
714 990 811 1074 ‘cuins
832 989 871 1052 ad
892 991 1083 1055 voiuntatem
1124 989 1127 996 ’
1228 995 1244 1036 ·.

67 1065 218 1156 ‘diuitum
256 1077 321 1140 vuit
344 1073 408 1138 essi
437 1081 589 1158 magnoin.
640 1073 866 1164 Quamobrem,
883 1081 1083 1159 ,quamquain
1102 1059 1189 1138 99„
1225 1089 1227 1096 ’

86 1159 202 1222 blanda
221 1164 277 1222 iste
299 1158 417 1222 tenitas
439 1157 522 1244 opud
543 1177 601 1227 eos.
622 1161 721 1237 velet,
757 1157 811 1242 qui
841 1155 901 1242 ipsi
926 1157 1011 1226 iliam
1042 1159 1089 1222 el·
1208 1169 1223 1234 j

87 1246 205 1308 lectant
227 1253 258 1304 et
284 1243 430 1321 invitent,
466 1254 570 1304 tamen
599 1240 691 1302 etiem
717 1243 874 1324 gratiores
901 1243 1089 1304 constantio·
1196 1249 1200 1256 “

88 1343 198 1410 resque
227 1324 411 1388 admonendi
438 1337 525 1403 sunt,
559 1334 596 1384 ut
624 1321 884 1402 animadvertant,
918 1345 957 1388 ne
978 1325 1089 1391 cailida
1141 1367 1144 1376 ·

89 1411 293 1473 assentatione
321 1410 487 1492 capiantur.
542 1408 659 1488 Aperte
688 1410 770 1470 enim
798 1397 938 1481 aidulente
997 1431 1089 1478 nemo

90 1515 154 1555 non
174 1492 279 1570 videt,
317 1493 374 1554 nisi
397 1493 450 1575 qni
473 1489 637 1552 admodum
667 1502 854 1570 estexcons5
887 1493 957 1555 calli
980 1515 1016 1558 us
1036 1495 1088 1556 ille

91 1589 123 1639 et
140 1577 275 1639 occultus
297 1571 338 1638 ne'
355 1594 388 1637 sc
408 1576 560 1652 insinuet,
589 1572 723 1637 studiose
745 1574 997 1655 cavendumssest3
1028 1583 1111 1640 nec*
1172 1586 1176 1598 ¹
1211 1579 1214 1586 '

92 1663 174 1722 enim
196 1657 339 1722 facillime
359 1659 555 1742 agnoscitur,
580 1657 694 1741 quippo
738 1659 770 1720 ni
790 1658 881 1721 etiam
902 1657 1091 1724 adversando

90 1743 384 1827 ssepoassentettir,
411 1755 443 1804 et
462 1743 581 1832 litigpre
602 1760 634 1810 se
655 1680 800 1806 simias
820 1741 1025 1821 blandiatur„
1044 1753 1090 1808 et·

93 1846 152 1910 que
184 1826 221 1890 ad
244 1838 412 1889 extremum
438 1823 490 1888 det
516 1847 620 1887 manos
641 1823 784 1912 vincique
808 1845 840 1888 se
865 1825 1018 1910 patiatur,
1056 1839 1091 1890 ut

92 1910 136 1988 is,
168 1911 222 1995 qui
243 1910 349 1971 illusus
371 1909 428 1983 sit,
459 1910 529 1993 plus
551 1909 659 1972 vidisse
681 1907 830 1972 videatur.
881 1908 961 2002 Quid
990 1923 1092 1974 eutem

68 2069 70 2074 ι
92 1995 214 2078 turpius
241 2014 332 2076 quam
353 1989 463 2054 illudi?
499 1991 591 2085 Quod
616 2004 650 2055 ut
679 2013 733 2068 ne,
747 1991 882 2075 accidet,
920 1993 1089 2066 cavendum

93 2078 155 2154 est,
177 2089 212 2140 ut
233 2077 272 2162 in,
286 2075 447 2161 Epiclero:
601 2135 604 2144 ,

54 2217 59 2234 ,
133 2163 234 2224 Hodie
255 2185 299 2222 me
316 2177 392 2224 ante,
409 2171 506 2222 omnes*
521 2162 643 2220 comicos
664 2161 772 2222 stultus
792 2177 891 2222 senes*

135 2249 275 2308 Venari}
299 2243 386 2326 atquc
408 2247 572 2307 enumeris
587 2245 759 2305 lautissime.

93 2331 179 2390 Haec
200 2325 282 2389 enim
302 2327 393 2390 etiam
419 2326 451 2387 in
477 2323 590 2386 fabulis
614 2325 792 2388 stultissime
812 2345 943 2410 persona
965 2335 1013 2388 est·
1031 2326 1088 2389 im·
1110 2331 1171 2414 too

93 2409 296 2496 providorum
332 2422 364 2470 et
392 2407 586 2484 credulorum
609 2425 725 2470 senum.
779 2406 857 2487 Sed,
898 2409 1090 2496 nescioquo
1142 2443 1180 2492 g,
1242 2439 1245 2451 ·

5 2523 6 2526 ¹
93 2506 204 2580 pecto,
238 2493 277 2556 ab
294 2492 434 2555 amicitiis
477 2489 662 2554 defectorum
683 2490 859 2573 hominum,
886 2492 920 2554 id
946 2487 1009 2573 est,
1045 2515 1093 2556 sa·
1135 2508 1143 2527 .

91 2577 264 2664 pientiam,
293 2572 346 2656 (de
368 2574 425 2639 hec
468 2575 514 2636 'co
538 2573 703 2658 sapientie,
737 2595 822 2660 qnae
836 2574 960 2639 videtur
979 2577 1014 2640 in
1027 2569 1092 2647 'ho-

94 2662 208 2723 minem
230 2659 339 2723 cadere
360 2657 474 2743 posse,)
504 2655 543 2720 ad
563 2659 644 2722 leves
662 2656 958 2724 amictiae-defluxit
980 2659 1090 2722 oratio.

4 2795 7 2798 .
94 2743 304 2835 Quamobrem
335 2743 448 2806 edilia
470 2742 574 2827 prima·
592 2741 765 2826 redeamus,
800 2762 896 2830 eaque
925 2744 991 2830 ipsa
1020 2763 1094 2807 con·

29 2831 35 2840 '
95 2827 252 2890 cludamus
272 2825 445 2911 aliquando.
730 2845 769 2868 ¹·
990 2856 995 2878 ι
1039 2861 1042 2868 ·
1117 2885 1119 2897 ,

179 2913 302 2989 Virtus,
322 2911 437 2987 vietus,
456 2909 599 2993 inquam,
621 2911 655 2973 C.
675 2908 793 2986 Fauni,
813 2921 845 2976 et
867 2921 920 2988 tu,
941 2910 980 3010 Q.
999 2910 1092 2989 Muci,
1125 2913 1173 2986 27

1132 2708 1232 2772 ι-;4

13 3010 17 3020 ’
94 3007 128 3058 et
149 2994 293 3058 conciliat
311 2992 458 3056 amicitias
481 3005 512 3054 et
532 3006 702 3058 conservat.
743 2997 778 3054 ln
799 3011 832 3054 ee
845 3006 901 3056 ‘est
916 3013 997 3056 enum
1019 3009 1119 3055 con-⁸

93 3078 247 3142 venientia
275 3095 398 3152 rerum,
445 3075 478 3138 in
511 3096 547 3140 ee
573 3076 739 3154 stabilitas,
777 3075 810 3138 in
840 3097 874 3140 ee
904 3079 1094 3155 constantie3

93 3181 286 3248 quaequam
306 3180 339 3223 se
354 3160 468 3231 ,extulit
492 3171 525 3223 et
545 3160 680 3225 ostendit
698 3161 801 3223 lamen
822 3181 926 3238 soum,
958 3175 991 3224 et
1012 3159 1094 3223 idem
1114 3230 1116 3242 Ι

95 3243 236 3329 adspexit
252 3244 439 3329 agnotitque
461 3242 494 3305 in
515 3243 647 3321 alio,.ad
666 3243 700 3316 id
717 3264 753 3331 se
768 3243 926 3321 admovet,
948 3240 1097 3308 vicissim·
1202 3321 1205 3328 ⁴

95 3345 156 3412 quc
173 3328 287 3412 accipit
301 3326 394 3407 illud,
408 3325 493 3412 quod
508 3328 542 3390 in
556 3329 653 3392 altero
670 3339 734 3404 est,
756 3345 792 3388 ex
808 3345 871 3410 quo
885 3339 1094 3392 eorumexer·
1118 3332 1128 3352 ⁸

53 3398 59 3418 ’
95 3411 194 3476 descit
211 3413 276 3474 sive
296 3432 384 3475 amor
402 3413 466 3473 sive
490 3391 630 3476 amicitii.
659 3414 851 3494 *Utrumque
875 3411 954 3472 enim
977 3406 1095 3474 dicium
1261 3413 1263 3422 '

95 3507 144 3560 est
164 3495 202 3558 ab
219 3493 353 3558 amando
360 3515 371 3574 3
403 3514 505 3556 emere
524 3509 626 3558 autem
644 3493 724 3556 'nihil
745 3507 791 3556 est
807 3490 907 3572 aliud,
933 3495 992 3557 nisi
1021 3515 1091 3559 cum

95 3581 198 3664 ipsum
214 3578 352 3678 diligere,
372 3598 464 3662 quem
487 3599 579 3658 ames,
604 3579 687 3659 nuile
708 3576 886 3662 indigentia,
906 3579 991 3640 nulla
1009 3577 1093 3639 utili·
1134 3587 1138 3646 j

95 3675 161 3734 tete
181 3675 333 3748 quaesita3
366 3679 448 3750 ¹quae
475 3675 578 3726 tamen
599 3655 666 3746 ipse
689 3660 858 3726 efflorescit
884 3679 921 3723 ex
951 3660 1095 3740 amicitie,
1181 3663 1185 3673 '

4 3789 6 3792 -
96 3746 247 3810 etiamsi
281 3758 316 3809 tn
345 3765 412 3808 eam
437 3747 536 3808 minus
564 3757 683 3808 secutos
712 3746 784 3809 sis..
811 3747 878 3805 Hac
910 3762 966 3808 nos
994 3743 1174 3808 adole-101
1278 3758 1281 3770 ·

96 3825 216 3895 scentes
238 3827 451 3910 benevolentia
479 3815 564 3894 sen'es
585 3829 655 3892 illos
683 3833 719 3892 L.
739 3829 900 3912 Paullum,
935 3831 978 3892 M.
1005 3831 1097 3894 Cato·

95 3935 186 3994 nem,
216 3917 250 3978 C.
275 3913 414 3994 Gallum,
445 3917 482 3976 P.
501 3915 657 3993 Nasicam,
690 3914 737 3976 Ti.
759 3913 948 3992 Gracchum,
965 3913 1110 3999 ¹Scipio·³
1175 3949 1178 3962 ·

97 3999 145 4062 nis
167 3995 265 4064 nostri
285 4005 443 4077 socerum,
473 3996 646 4078 dileximus3
676 3998 752 4062 haec
773 3998 864 4062 etiem
884 3997 980 4081 magis
996 3999 1096 4060 elucet

97 4082 181 4146 inter
200 4079 352 4168 eequaies,
373 4094 407 4144 ut
427 4084 509 4146 inter
526 4103 574 4146 me
587 4096 618 4145 et
635 4081 818 4167 Scipionem,
841 4081 878 4143 L.
899 4079 1037 4160 Furium,
1059 4083 1097 4144 P.
1157 4087 1160 4094 '

84 4165 275 4262 Popilium,
296 4164 350 4248 Sp.
366 4167 553 4230 Mummium.
590 4164 730 4234 Vicissim
745 4177 949 4229 autemsenes
968 4163 1002 4250 in
1023 4162 1098 4228 odo·

170 4328 215 4408 ⁹⁸)
236 4346 264 4381 v.
283 4331 303 4388 3
324 4325 432 4451 inoffi]
456 4325 543 4381 facete
611 4326 655 4394 Μ)
674 4335 743 4387 v.1
777 4322 906 4394 quemvis
937 4302 988 4405 ·-·'
1005 4322 1096 4390 velent
1176 4331 1206 4346 ¹·

98 4403 323 4522 Biepnpspnums
344 4404 455 4450 verunt
490 4395 711 4465 m12Quodne¹
746 4397 805 4464 ¹⁰⁰)
823 4393 991 4456 v.5deflent
1025 4411 1053 4452 v.
1061 4399 1095 4456 15

43 4489 47 4500 ,
139 4485 157 4520 u
263 4489 281 4534 ‚¹
